@book{FLOYD,
    author    = "Thomas L. Floyd",
    title     = "Digital Fundamentals, Global Edition",
    edition   = "11",
    year      = "2015",
    publisher = "Pearson Education Canada",
    address   = "Harlow, United Kingdom"
}

@book{SLIDES_3,
    author    = {Eduardo García Breijo},
    title     = {Lecture 3: Counters},
    series    = {Digital Electronics},
    publisher = {Universidad Politécnica de Valencia},
    address   = {Valencia, Spain},
    year      = {2020}
}

@book{SLIDES_5,
    author    = {Eduardo García Breijo},
    title     = {Lecture 5: Registers},
    series    = {Digital Electronics},
    publisher = {Universidad Politécnica de Valencia},
    address   = {Valencia, Spain},
    year      = {2020}
}

@Manual{555_DS,
  title        = {xx555 Precision Timers},
  month        = {September},
  year         = {2014},
  number       = {NE555},
  note         = {Rev. 1},
  organization = {Texas Instruments},
  url          = {https://www.ti.com/lit/ds/symlink/ne555.pdf},
}

@Manual{6116,
  title        = {{CMOS Static RAM 16K (2K x 8 Bit)}},
  month        = {March},
  year         = {1996},
  number       = {6116},
  note         = {Rev. 1},
  organization = {Integrated Device Technology, Inc.},
  url          = {https://www.princeton.edu/~mae412/HANDOUTS/Datasheets/6116.pdf},
}

@Manual{3461BS,
  title        = {4-Digit LED 7-Segment Display Common-Anode (CA)},
  month        = {January},
  year         = {2019},
  number       = {3461BS},
  note         = {Rev. },
  organization = {XLITX},
  url          = {http://www.xlitx.com/datasheet/3461BS.pdf},
}